
@ABNT-options{minhasopcoes,
abnt-emphasize="\textbf",
}
        